@Book{            Ries1522Rad,
  author        = {Adam Ries},
  title         = {Rechenung auff der Linihen und Federn},
  publisher     = {},
  year          = {1522},
  address       = {Annaberg},
}

@inproceedings{inproceedings,
	author = {Cvetkovic, Ivana and Stojicevic, Misa and Popkonstantinović, Branislav and Cvetković, Dragan},
	year = {2018},
	month = {01},
	pages = {261-266},
	title = {Classification, geometrical and kinematic analysis of four-bar linkages},
	doi = {10.15308/Sinteza-2018-261-266}
}
